@report{AI2018CW,
	author = {Wang, Wenjia},
	title = {Artificial Intelligence Modules (CMP6040, 7028) Coursework Specification},
	year={2018}
}

@book{NLTK,
	author = {Bird, Steven, Edward Loper and Ewan Klein},
	title = {Natural Language Processing with Python},
	year = {2009},
	OPTpublisher = {Oâ€™Reilly Media Inc.},
	OPTurl = {http://www.nltk.org/},
	OPTurldate = {Accessed on 30/10/2018},
}


@phdthesis{Guile09,
   Author = {{Guile, G.}},
   Title = {Boosting Ensemble Techniques for Microarray Data Analysis},
   School = {University of East Anglia},
   Year = {2009} }

@book{Kopka04,
  title="{Guide to LaTeX}",
  author="{Kopka, H. and Daly, P. W.}",
  year="{2004}",
  publisher="{Addison \& Wesley}"
}


   
